<record><leader>00000cas a22000007a 4500</leader><controlfield tag="001">62595164</controlfield><controlfield tag="008">051214c20059999nyuwr n       0   a0eng c</controlfield><datafield ind1=" " ind2=" " tag="010"><subfield code="a">  2005216343</subfield></datafield><datafield ind1=" " ind2=" " tag="040"><subfield code="a">NSD</subfield><subfield code="b">eng</subfield><subfield code="c">NSD</subfield><subfield code="d">OCLCQ</subfield></datafield><datafield ind1=" " ind2=" " tag="012"><subfield code="l">1</subfield></datafield><datafield ind1="0" ind2=" " tag="022"><subfield code="a">1559-2693</subfield><subfield code="l">1559-2693</subfield><subfield code="2">1</subfield></datafield><datafield ind1=" " ind2=" " tag="037"><subfield code="b">NU Media Inc., 37 E. 28th St.m Suite 400C, NY, NY 10016</subfield></datafield><datafield ind1=" " ind2=" " tag="042"><subfield code="a">nsdp</subfield><subfield code="a">pcc</subfield></datafield><datafield ind1="1" ind2="0" tag="050"><subfield code="a">ISSN RECORD</subfield></datafield><datafield ind1=" " ind2="0" tag="222"><subfield code="a">Punjabi duniya</subfield></datafield><datafield ind1="0" ind2="0" tag="245"><subfield code="a">Punjabi duniya =</subfield><subfield code="b">Pun&#771;ja&#772;bi dunia&#772;.</subfield></datafield><datafield ind1="3" ind2="1" tag="246"><subfield code="a">Pun&#771;ja&#772;bi dunia&#772;</subfield></datafield><datafield ind1=" " ind2=" " tag="260"><subfield code="a">New York, NY :</subfield><subfield code="b">Punjabi Duniya, Inc.</subfield></datafield><datafield ind1=" " ind2=" " tag="300"><subfield code="a">v. :</subfield><subfield code="b">ill. ;</subfield><subfield code="c">42 in.</subfield></datafield><datafield ind1=" " ind2=" " tag="310"><subfield code="a">Weekly</subfield></datafield><datafield ind1="1" ind2=" " tag="362"><subfield code="a">Vol. 1, issue 1 (Apr. 13, 2005)-</subfield></datafield><datafield ind1=" " ind2=" " tag="588"><subfield code="a">Description based on: Vol. 1, issue 19 (16-22, Aug. 2005).</subfield></datafield><datafield ind1="1" ind2=" " tag="029"><subfield code="a">AU@</subfield><subfield code="b">000040177551</subfield></datafield></record>